@misc{EPCON,
    title = {EPCON},
    url = {https://www.epcon.ai},
    urldate = {2020-06-12}
    year = {2020}
}

@misc{Biometrics,
    title = {{Biometrics}},
    url = {https://biometrics.riskscape.pro/beta/epcon},
    urldate = {2020-06-13}
}

@misc{QureAI,
    title = {{Qure.ai | Artificial Intelligence for Radiology}},
    url = {http://qure.ai},
    urldate = {2020-06-13}
}

@misc{DelftImaging,
    title = {{CAD4TB | Delft Imaging}},
    url = {https://www.delft.care/cad4tb},
    urldate = {2020-06-13}
}

@misc{CreateReactApp,
    title = {{facebook/create-react-app: Set up a modern web app by running one command.}},
    url = {https://github.com/facebook/create-react-app},
    urldate = {2020-06-17}
}

@misc{Bootstrap,
    title = {{Bootstrap {\textperiodcentered} The most popular HTML, CSS, and JS library in the world.}},
    url = {https://getbootstrap.com},
    urldate = {2020-06-17}
}

@misc{Trello,
    title = {{Trello}},
    url = {https://trello.com},
    urldate = {2020-06-01}
}

@misc{StopTBPartnership,
    title = {{Stop TB Partnership | Home Page}},
    url = {http://www.stoptb.org},
    urldate = {2020-06-21}
}

@misc{TheCaringEntrepreneurship,
    title = {{The Caring Entrepreneurship – Managed by the King Baudouin Foundation}},
    url = {https://caring-entrepreneurship.org},
    urldate = {2020-06-21}
}

@misc{CognitiveSystems,
    title = {{Cognitive Systems – Bridging The Gap Between People and Things}},
    url = {http://www.cognitivesystems.ai},
    urldate = {2020-06-21}
}

@misc{Imec,
    title = {{Imec R{\&}D, nano electronics and digital technologies}},
    url = {https://www.imec-int.com/en/home},
    urldate = {2020-06-21}
}

@misc{RiskScape,
    title = {{RiskScape | Actuarial and geographical information solutions in the financial and utilities sectors}},
    url = {http://riskscape.pro/},
    urldate = {2020-06-21}
}

@misc{FlutterGitHub,
    title = {{flutter/flutter: Flutter makes it easy and fast to build beautiful apps for mobile and beyond.}},
    url = {https://github.com/flutter/flutter},
    urldate = {2020-06-24}
}

@misc{ReactNativeGitHub,
    title = {{facebook/react-native: A framework for building native apps with React.}},
    url = {https://github.com/facebook/react-native},
    urldate = {2020-06-24}
}

@misc{IonicGitHub,
    title = {{ionic-team/ionic: Build amazing Native and Progressive Web Apps with web technologies. One app running on everything ��}},
    url = {https://github.com/ionic-team/ionic},
    urldate = {2020-06-24}
}

@misc{Castellino2005,
    abstract = {Computer aided detection (CAD) is a technology designed to decrease observational oversights-and thus the false negative rates-of physicians interpreting medical images. Prospective clinical studies have demonstrated an increase in breast cancer detection with CAD assistance. This overview briefly describes the metrics that have been used to define CAD system performance. {\textcopyright} 2005 International Cancer Imaging Society.},
    author = {Castellino, Ronald A.},
    booktitle = {Cancer Imaging},
    doi = {10.1102/1470-7330.2005.0018},
    file = {::},
    issn = {14707330},
    keywords = {Breast cancer,CAD,Computer aided detection,Lung cancer,Observational oversights},
    number = {1},
    pages = {17--19},
    publisher = {BioMed Central},
    title = {{Computer aided detection (CAD): An overview}},
    volume = {5},
    year = {2005}
}

@article{Lodwick1966,
    author = {Lodwick, Gwilym S.},
    doi = {10.1097/00004424-196601000-00032},
    issn = {15360210},
    journal = {Investigative Radiology},
    number = {1},
    pages = {72--80},
    publisher = {Invest Radiol},
    title = {{Computer-aided diagnosis in radiology: A research plan}},
    volume = {1},
    year = {1966}
}
